<?xml version="1.0" encoding="UTF-8"?>
<collection xmlns:xsi="http://www.w3.org/2001/XMLSchema-instance" xsi:schemaLocation="http://www.loc.gov/MARC21/slim http://www.loc.gov/standards/marcxml/schema/MARC21slim.xsd" xmlns="http://www.loc.gov/MARC21/slim">
<record>
  <leader>00921cam a22002051  4500</leader>
  <controlfield tag="001">3071747</controlfield>
  <controlfield tag="003">NNC</controlfield>
  <controlfield tag="005">20130426015421.0</controlfield>
  <controlfield tag="008">010822s1903    ua            000 0 ara d</controlfield>
  <datafield tag="035" ind1=" " ind2=" ">
    <subfield code="a">(OCoLC)ocm47822688</subfield>
  </datafield>
  <datafield tag="035" ind1=" " ind2=" ">
    <subfield code="9">ATP4751CU</subfield>
  </datafield>
  <datafield tag="035" ind1=" " ind2=" ">
    <subfield code="a">(NNC)3071747</subfield>
  </datafield>
  <datafield tag="040" ind1=" " ind2=" ">
    <subfield code="a">ZCU</subfield>
    <subfield code="c">ZCU</subfield>
  </datafield>
  <datafield tag="099" ind1=" " ind2=" ">
    <subfield code="a">893.7Ib53</subfield>
    <subfield code="a">Q56</subfield>
  </datafield>
  <datafield tag="100" ind1="0" ind2=" ">
    <subfield code="a">ʻAbd al-Razzāq al-Qāshānī,</subfield>
    <subfield code="d">-1330?</subfield>
  </datafield>
  <datafield tag="245" ind1="1" ind2="0">
    <subfield code="a">Hādhā kitāb Sharḥ al-ustādh al-shaykh ʻAbd-al-Razzāq al-Ḳāshānī ʻalā Fuṣūṣ al-ḥikam lil-ustādh al-akbar al-shaykh Muḥyī-al-Din Ibn al-ʻArabī.</subfield>
    <subfield code="b">Wabiʾasfal kull ṣaḥīfah ḥall al-mawāḍiʻ al-khafīyah min Sharḥ Bālī Afandī.</subfield>
  </datafield>
  <datafield tag="260" ind1=" " ind2=" ">
    <subfield code="a">Miṣr,</subfield>
    <subfield code="b">al-Mạtb. al-Maimanīyah (Muṣṭafā al-Bābī al-Ḥalabī wa-akhawāhu Bakrī wa ʻĪsā)</subfield>
    <subfield code="c">[1321 h., 1903 m.]</subfield>
  </datafield>
  <datafield tag="300" ind1=" " ind2=" ">
    <subfield code="a">284 p.</subfield>
  </datafield>
  <datafield tag="600" ind1="0" ind2="0">
    <subfield code="a">Ibn al-ʻArabī,</subfield>
    <subfield code="d">1165-1240.</subfield>
    <subfield code="t">Fuṣūṣ al-ḥikam.</subfield>
  </datafield>
  <datafield tag="955" ind1=" " ind2=" ">
    <subfield code="b">CU58874313</subfield>
    <subfield code="d">off,glx</subfield>
    <subfield code="e">893.7Ib53 Q56</subfield>
  </datafield>
</record>
</collection>